@article{smith1981identification,
  title={Identification of Common Molecular Subsequences},
  author={Smith, Temple F and Waterman, Michael S and others},
  journal={Journal of Molecular Biology},
  volume={147},
  number={1},
  pages={195--197},
  year={1981},
  publisher={Elsevier}
}

@inproceedings{may2006zib,
  title={{ZIB Structure Prediction Pipeline: Composing a Complex Biological Workflow through Web Services}},
  author={May, Patrick and Ehrlich, Hans-Christian and Steinke, Thomas},
  booktitle={Proceedings of the 12th European Conference on Parallel Processing},
  pages={1148--1158},
  year={2006},
  organization={Springer}
}

@book{foster1999grid,
  title={{The Grid: Blueprint for a New Computing Infrastructure}},
  author={Foster, Ian and Kessleman, C},
  year={1999},
  publisher={Elsevier}
}

@inproceedings{czajkowski2001grid,
  title={{Grid Information Services for Distributed Resource Sharing}},
  author={Czajkowski, Karl and Fitzgerald, Steven and Foster, Ian and Kesselman, Carl},
  booktitle={Proceedings 10th IEEE International Symposium on High Performance Distributed Computing},
  pages={181--194},
  year={2001},
  organization={IEEE}
}

@techreport{foster2002physiology,
  title={{The Physiology of the Grid: an Open Grid Services Architecture for Distributed Systems Integration}},
  author={Foster, Ian and Kesselman Carl and Nick, Jeffrey and Tuecke, Steven John},
  year={2002},
  institution={Global Grid Forum},
  organization={Citeseer}
}

@misc{ncb,
  title = {{National Center for Biotechnology Information}},
  howpublished = {\url{http://www.ncbi.nlm.nih.gov}},
  note = {Accessed: 22.03.2014}
}